@article{H. Truong:Rahman:Shenoy:2018,
	author = {H. Truong, S. Rahman, và P. S. Shenoy},
	title = {Battery Management Systems in Electric and Hybrid Vehicles},
}

@article{Benmouiza,
	author = {	A. Benmouiza và A. Chandra},
	title = { State of Charge Estimation of Lithium-Ion Batteries in Electric Vehicles: A Review},
}

@article{Y. Hu,
	author = {Y. Hu, L. Wang, và H. Gao},
	title = {Real-Time State of Health Estimation for Lithium-Ion Batteries in Electric Vehicles},
}

@article{Y. Li,
	author = {Y. Li và C. Mi.},
	title = {Data-Driven Fault Diagnosis and Prognosis of Lithium-Ion Batteries in Electric Vehicles},
}

@article{X. Hu,
	author = {X. Hu, Y. Li, và C. Mi.},
	title = {Intelligent Battery Management and Control for Electric Vehicles},
}

@article{Rui Xiong,
	author = {	Rui Xiong, Kui Zhang},
	title = { Design and implementation of a Battery Big Data Platform Through Intelligent Connected Electric Vehicles},
}
@article{	Cheng:2011,
	author = {Cheng, K.W.E.; Divakar, B.P.; Wu, H.J.; Ding, K.; Ho, H.F},
	title = {Battery-Management System (BMS) and SOC development for electrical vehicles},
	journal = {IEEE Trans. Veh. Technol},
	volume = {60}, issue = {}, pages = {76--88}, year = {2011}
}

@article{Tipping:2000,
	author = {Tipping, M.E},
	title = {The Relevance Vector Machine. Advances in Neural Information Processing Systems},
	journal = {MIT Press: Cambridge, MA, USA},
	volume = {12}, issue = {}, pages = {287--289}, year = {2000}
}
@article{Widodo:2011,
	author = {Widodo, A.; Shim, M.C.; Caesarendra, W.; Yang, B.-S},
	title = {Intelligent prognostics for battery health monitoring based on sample entropy},
	journal = {Expert Syst. Appl},
	volume = {38}, issue = {12}, pages = {11763--11769}, year = {2011}
}
@article{Chao:2011,
	author = {Chao, K.H.; Chen, J.W},
	title = {State-of-health estimator based on extension theory with a learning mechanism for lead-acid batteries},
	journal = {Expert Syst. Appl},
	volume = {38}, issue = {}, pages = {15183--15193}, year = {2011}
}
@article{Moo:2009,
	author = {Ng, K.S.; Moo, C.S.; Chen, Y.P.; Hsieh, Y.C},
	title = {Enhanced coulomb counting method for estimating state-of-charge and state-of-health of lithium-ion batteries},
	journal = {Appl. Energy},
	volume = {86}, issue = {}, pages = {1506--1511}, year = {2009}
}

@article{
	title = {State of Charge (SOC) Determination},
	journal = {http://www.mpoweruk.com/soc.htm},
	volume = {232}, issue = {3}, pages = {online}, year = {2011}
}
