@inproceedings{durand2003loglog,
  title={Loglog counting of large cardinalities},
  author={Durand, Marianne and Flajolet, Philippe},
  booktitle={Algorithms-ESA 2003: 11th Annual European Symposium, Budapest, Hungary, September 16-19, 2003. Proceedings 11},
  pages={605--617},
  year={2003},
  organization={Springer}
}

@article{flajolet2007hyperloglog,
  title={Hyperloglog: the analysis of a near-optimal cardinality estimation algorithm},
  author={Flajolet, Philippe and Fusy, {\'E}ric and Gandouet, Olivier and Meunier, Fr{\'e}d{\'e}ric},
  journal={Discrete mathematics \& theoretical computer science},
  number={Proceedings},
  year={2007},
  publisher={Episciences. org}
}

@inproceedings{chabchoub2010sliding,
  title={Sliding hyperloglog: Estimating cardinality in a data stream over a sliding window},
  author={Chabchoub, Yousra and He{\'e}brail, Georges},
  booktitle={2010 IEEE International Conference on Data Mining Workshops},
  pages={1297--1303},
  year={2010},
  organization={IEEE}
}

@article{ertl2024exaloglog,
  title={ExaLogLog: Space-Efficient and Practical Approximate Distinct Counting up to the Exa-Scale},
  author={Ertl, Otmar},
  journal={arXiv preprint arXiv:2402.13726},
  year={2024}
}

@inproceedings{heule2013hyperloglog,
  title={Hyperloglog in practice: Algorithmic engineering of a state of the art cardinality estimation algorithm},
  author={Heule, Stefan and Nunkesser, Marc and Hall, Alexander},
  booktitle={Proceedings of the 16th International Conference on Extending Database Technology},
  pages={683--692},
  year={2013}
}

@book{gakhov2022probabilistic,
  title={Probabilistic data structures and algorithms for big data applications},
  author={Gakhov, Andrii},
  year={2022},
  publisher={BoD--Books on Demand}
}